%% Created for Prasanta Ghosh on 2018-01-20
@electronic{Arjovsky17,
    Author = {Martin Arjovsky, Soumith Chintala, Leon Bottou},
    Title = {Wasserstein GAN},
    Url = {https://arxiv.org/pdf/1701.07875.pdf},
    Year = {2017}
}

@article{Davis80-COP,
	Author = {Steven B. Davis and Paul Mermelstein},
	Journal = {IEEE Transactions on Acoustics, Speech and Signal Processing},
	Number = {4},
	Pages = {357--366},
	Title = {Comparison of Parametric Representation for Monosyllabic Word Recognition in Continuously Spoken Sentences},
	Volume = {28},
	Year = {1980}}

@article{Rabiner89-ATO,
	Author = {Lawrence R. Rabiner},
	Journal = {Proceedings of the IEEE},
	Number = {2},
	Pages = {257--286},
	Title = {A Tutorial on Hidden {Markov} Models and Selected Applications in Speech Recognition},
	Volume = {77},
	Year = {1989}}

@book{Hastie09-TEO,
	Address = {New York},
	Author = {Trevor Hastie and Robert Tibshirani and Jerome Friedman},
	Publisher = {Springer},
	Title = {The Elements of Statistical Learning -- Data Mining, Inference, and Prediction},
	Year = {2009}}

@article{Harwath16-ULO,
	Author = {David Harwath and Antonio Torralba and James Glass},
	Journal = {Neural Information Processing Systems},
	Title = {unsupervised learning of spoken language with visual context},
    Year = {2016}
}

@article{Harwath17,
    Author = {David Harwath and James Glass},
    Journal = {$55^{th}$ Annual Meeting of the 
    Association for Computational Linguistics},
    Title = {Learning word-like units from 
    joint audio-visual analysis},
    Year = {2017}
}

@electronic{Harwath18,
    Author = {David Harwath and Adria Recasens and Didac Suris and Galen Chuang and Antonio Torralba and James Glass},
    Title = {jointly discovering visual objects 
    and spoken words from raw sensory input},
    Url = {https://arxiv.org/pdf/1804.01452.pdf},
    Year = {2018}
}

@electronic{Havard17,
    Author = {William Havard and others,},
    Title = {SPEECH-COCO: 600k Visually Grounded Spoken Captions Aligned to MSCOCO Data Set},
    Url = {https://arxiv.org/pdf/1707.08435.pdf},
    Year = {2017}
}

@inproceedings{Hsu17,
  title={Learning Latent Representations for Speech Generation and Transformation},
  author={Hsu, Wei-Ning and Zhang, Yu and Glass, James},
  booktitle={Interspeech},
  pages={1273--1277},
  year={2017},
}

@inproceedings{Hsu18,
  title={Scalable Factorized Hierarchical Variational Autoencoder Training},
  author={Hsu, Wei-Ning and Glass, James},
  booktitle={Interspeech},
  year={2018},
}

@book{Karpathy16-CIA,
	Author = {Andrej Karpathy},
	Publisher = {Stanford University},
	Date-Modified = {2016},
	Title = {connecting images and natural language}
  }

@electronic{Kingma14,
    Author = {Diederik Kingma and Max Welling},
    Title = {autoencoding variational bayes},
    Url = {https://arxiv.org/pdf/1312.6114.pdf},
    Year = {2014}
}

@electronic{Ronneberger15,
    Author = {Olaf Ronneberger and
    Philipp Fischer and Thomas Brox},
    Title = {U-Net: Convolutional Networks for Biomedical Image
    Segmentation},
    Url = 
    {https://arxiv.org/pdf/1505.04597.pdf},
    Year = {2015}
}

@electronic{Raj04,
    Author = {},
    Title = {Reconstruction of missing features for robust speech recognition},
    Url = {}
}

@electronic{Yeh17,
    Author = {Raymond A. Yeh and Chen Chen and Teck Yian Lim and Alexander G. Schwing and Mark Hasegawa-Johnson and Minh N. Do},
    Title = {Semantic Image Inpainting with Deep Generative Models},
    Url = {https://arxiv.org/pdf/1607.07539.pdf},
    Year = {2017}
}

@article{Yeh18-UTG,
  Author = {Raymond A. Yeh and Minh N. Do and Alexander G. Schwing},
  Journal = {arXiv.},
  Title = {unsupervised textual grounding: linking words to image concepts},
  Year = {2018}
}
